<record><leader>00000cas a22000007a 4500</leader><controlfield tag="001">16000324</controlfield><controlfield tag="008">870619c19559999inuwr ne      0    0eng d</controlfield><datafield ind1=" " ind2=" " tag="010"><subfield code="a">sn 87056274 </subfield></datafield><datafield ind1=" " ind2=" " tag="040"><subfield code="a">NPI</subfield><subfield code="b">eng</subfield><subfield code="c">NPI</subfield><subfield code="d">OCLCQ</subfield><subfield code="d">NPI</subfield></datafield><datafield ind1=" " ind2=" " tag="042"><subfield code="a">msc</subfield></datafield><datafield ind1="0" ind2=" " tag="130"><subfield code="a">Regional news (La Crosse, Ind.)</subfield></datafield><datafield ind1="1" ind2="4" tag="245"><subfield code="a">The regional news.</subfield></datafield><datafield ind1=" " ind2=" " tag="260"><subfield code="a">La Crosse, Ind. :</subfield><subfield code="b">[s.n.],</subfield><subfield code="c">1955-</subfield></datafield><datafield ind1=" " ind2=" " tag="300"><subfield code="a">v.</subfield></datafield><datafield ind1=" " ind2=" " tag="310"><subfield code="a">Weekly</subfield></datafield><datafield ind1="0" ind2=" " tag="362"><subfield code="a">40th year, no. 39 (Apr. 14, 1955)-</subfield></datafield><datafield ind1=" " ind2=" " tag="752"><subfield code="a">United States</subfield><subfield code="b">Indiana</subfield><subfield code="c">LaPorte</subfield><subfield code="d">La Crosse.</subfield></datafield><datafield ind1="0" ind2="0" tag="780"><subfield code="t">Crosse sentinel</subfield><subfield code="w">(DLC)sn 89099049</subfield></datafield><datafield ind1="0" ind2="5" tag="780"><subfield code="t">Wanatah mirror</subfield><subfield code="w">(DLC)sn 87056273</subfield></datafield></record>